% Encoding: windows-1250

@Electronic{1_2019,
  title = {{Atom}, {Command Palette package}},
  url   = {https://atom.io/packages/command-palette)},
  note  = {{, 03.03.2019.}},
}

@Comment{jabref-meta: databaseType:biblatex;}
